<?xml version="1.0" encoding="UTF-8"?>
<record>
  <leader>00948nam#a2200277#cc4500</leader>
  <controlfield tag="003">DE-605</controlfield>
  <controlfield tag="005">20210408070055.0</controlfield>
  <controlfield tag="007">tu</controlfield>
  <controlfield tag="008">980725|1846####gw ###########|||#|#lat#c</controlfield>
  <controlfield tag="001">990086740340206441</controlfield>
  <datafield tag="035" ind1=" " ind2=" ">
    <subfield code="a">(DE-605)HT008800088</subfield>
  </datafield>
  <datafield tag="040" ind1=" " ind2=" ">
    <subfield code="a">HBZ/Off</subfield>
    <subfield code="b">ger</subfield>
    <subfield code="c">DE-605</subfield>
    <subfield code="d">6</subfield>
    <subfield code="e">rakwb</subfield>
  </datafield>
  <datafield tag="041" ind1=" " ind2=" ">
    <subfield code="a">lat</subfield>
  </datafield>
  <datafield tag="044" ind1=" " ind2=" ">
    <subfield code="c">XA-DXDE</subfield>
  </datafield>
  <datafield tag="100" ind1="1" ind2=" ">
    <subfield code="a">Fickert, Karl Rudolf</subfield>
    <subfield code="d">1807-1880</subfield>
    <subfield code="0">(DE-588)11649056X</subfield>
    <subfield code="4">aut</subfield>
    <subfield code="9">O:H</subfield>
    <subfield code="0">https://d-nb.info/gnd/11649056X</subfield>
    <subfield code="0">http://viaf.org/viaf/77068733</subfield>
    <subfield code="B">GND-11649056X</subfield>
  </datafield>
  <datafield tag="245" ind1="1" ind2="0">
    <subfield code="a">Ioannis Friderici Gronovi Notae in L. Annaei Senecae naturales quaestiones</subfield>
    <subfield code="n">1</subfield>
    <subfield code="p">Continet notas in libros tres priores</subfield>
    <subfield code="c">e manuscripto Hamburgensi primus ed. Carolus Rudolphus Fickert</subfield>
  </datafield>
  <datafield tag="264" ind1=" " ind2="1">
    <subfield code="c">1846</subfield>
  </datafield>
  <datafield tag="035" ind1=" " ind2=" ">
    <subfield code="a">(DE-599)HBZHT008800088</subfield>
  </datafield>
  <datafield tag="960" ind1="1" ind2=" ">
    <subfield code="b">Schulprogramm</subfield>
  </datafield>
  <datafield tag="964" ind1="0" ind2="s">
    <subfield code="F">030</subfield>
    <subfield code="A">a|1uc||||||||</subfield>
  </datafield>
  <datafield tag="964" ind1="0" ind2="s">
    <subfield code="F">050</subfield>
    <subfield code="A">a|||||||||||||</subfield>
  </datafield>
  <datafield tag="964" ind1="0" ind2="s">
    <subfield code="F">051</subfield>
    <subfield code="A">m|||||||</subfield>
  </datafield>
  <datafield tag="700" ind1="1" ind2=" ">
    <subfield code="a">Grovenius, Johannes Friedrich</subfield>
    <subfield code="4">oth</subfield>
    <subfield code="9">O:H</subfield>
  </datafield>
  <datafield tag="773" ind1="0" ind2="8">
    <subfield code="w">(DE-605)HT008777895</subfield>
    <subfield code="q">1</subfield>
  </datafield>
  <datafield tag="773" ind1="0" ind2="8">
    <subfield code="i">Enthalten in</subfield>
    <subfield code="w">(DE-600)890754-7</subfield>
  </datafield>
  <datafield tag="500" ind1=" " ind2=" ">
    <subfield code="a">1846, S. [3] - 48</subfield>
    <subfield code="9">F:501</subfield>
  </datafield>
  <datafield tag="MBD" ind1=" " ind2=" ">
    <subfield code="M">49HBZ_NETWORK</subfield>
    <subfield code="i">990086740340206441</subfield>
    <subfield code="n">HBZ Network</subfield>
  </datafield>
  <datafield tag="MBD" ind1=" " ind2=" ">
    <subfield code="M">49HBZ_ULM</subfield>
    <subfield code="i">991021253379706449</subfield>
    <subfield code="n">Universität Münster</subfield>
  </datafield>
  <datafield tag="MNG" ind1=" " ind2=" ">
    <subfield code="c">System</subfield>
    <subfield code="f">OTHER</subfield>
    <subfield code="i">marc21</subfield>
    <subfield code="l">48</subfield>
    <subfield code="k">01</subfield>
    <subfield code="e">false</subfield>
    <subfield code="d">2026-02-08 21:06:17 Europe/Berlin</subfield>
    <subfield code="g">008674034-HBZ01</subfield>
    <subfield code="j">60</subfield>
    <subfield code="a">import</subfield>
    <subfield code="b">2021-04-05 15:49:42 Europe/Berlin</subfield>
  </datafield>
  <datafield tag="GPN" ind1="1" ind2=" ">
    <subfield code="a">Fickert, Carl Rudolf</subfield>
    <subfield code="d">1807-1880</subfield>
    <subfield code="A">GND</subfield>
    <subfield code="B">GND-11649056X</subfield>
    <subfield code="C">400</subfield>
  </datafield>
  <datafield tag="GPN" ind1="1" ind2=" ">
    <subfield code="a">Fickert, Karl Rudolph</subfield>
    <subfield code="d">1807-1880</subfield>
    <subfield code="A">GND</subfield>
    <subfield code="B">GND-11649056X</subfield>
    <subfield code="C">400</subfield>
  </datafield>
  <datafield tag="GPN" ind1="1" ind2=" ">
    <subfield code="a">Fickert, Carl Rudolph</subfield>
    <subfield code="d">1807-1880</subfield>
    <subfield code="A">GND</subfield>
    <subfield code="B">GND-11649056X</subfield>
    <subfield code="C">400</subfield>
  </datafield>
  <datafield tag="GPN" ind1="1" ind2=" ">
    <subfield code="a">Fickert, Carolus Rudolphus</subfield>
    <subfield code="d">1807-1880</subfield>
    <subfield code="A">GND</subfield>
    <subfield code="B">GND-11649056X</subfield>
    <subfield code="C">400</subfield>
  </datafield>
  <datafield tag="GPN" ind1="1" ind2=" ">
    <subfield code="a">Fickert, K. R.</subfield>
    <subfield code="d">1807-1880</subfield>
    <subfield code="A">GND</subfield>
    <subfield code="B">GND-11649056X</subfield>
    <subfield code="C">400</subfield>
  </datafield>
  <datafield tag="GPN" ind1="1" ind2=" ">
    <subfield code="a">Fickert, C. R.</subfield>
    <subfield code="d">1807-1880</subfield>
    <subfield code="A">GND</subfield>
    <subfield code="B">GND-11649056X</subfield>
    <subfield code="C">400</subfield>
  </datafield>
  <datafield tag="GPN" ind1="1" ind2=" ">
    <subfield code="a">Fickert, Carolus</subfield>
    <subfield code="d">1807-1880</subfield>
    <subfield code="A">GND</subfield>
    <subfield code="B">GND-11649056X</subfield>
    <subfield code="C">400</subfield>
  </datafield>
  <datafield tag="GSI" ind1="7" ind2=" ">
    <subfield code="a">11649056X</subfield>
    <subfield code="0">http://d-nb.info/gnd/11649056X</subfield>
    <subfield code="2">gnd</subfield>
    <subfield code="A">GND</subfield>
    <subfield code="B">GND-11649056X</subfield>
    <subfield code="C">024</subfield>
  </datafield>
</record>
